<collection xmlns="http://www.loc.gov/MARC21/slim"><record><leader>00841nam  2200265   450</leader><controlfield tag="001">984</controlfield><controlfield tag="003">http://montalegre.opacnet.com/OPAC/default.aspx?ContentAreaControl=ShowRegHoldings.ascx&amp;RegNo=16662</controlfield><datafield tag="021" ind1=" " ind2=" "><subfield code="a">PT</subfield><subfield code="b">4352/84</subfield></datafield><datafield tag="100" ind1=" " ind2=" "><subfield code="a">20061013a1984 m y0pory0103 ba</subfield></datafield><datafield tag="101" ind1="0" ind2=" "><subfield code="a">por</subfield><subfield code="c">eng</subfield></datafield><datafield tag="102" ind1=" " ind2=" "><subfield code="a">PT</subfield></datafield><datafield tag="200" ind1="1" ind2=" "><subfield code="a">&lt;A &gt;viagem indiscreta</subfield><subfield code="f">Katherine Mansfield</subfield><subfield code="g">tradução de Graça Vilhena e Francisco Vale</subfield></datafield><datafield tag="205" ind1=" " ind2=" "><subfield code="a">1ª ed</subfield></datafield><datafield tag="210" ind1=" " ind2=" "><subfield code="a">Lisboa</subfield><subfield code="c">Relógio d'Água</subfield><subfield code="d">1984</subfield></datafield><datafield tag="215" ind1=" " ind2=" "><subfield code="a">116 p.</subfield><subfield code="d">21 cm</subfield></datafield><datafield tag="225" ind1="2" ind2=" "><subfield code="a">Ficções</subfield><subfield code="v">1</subfield></datafield><datafield tag="304" ind1=" " ind2=" "><subfield code="a">Tít. orig.: An indiscreet journey</subfield></datafield><datafield tag="606" ind1="1" ind2=" "><subfield code="a">Literatura australiana</subfield></datafield><datafield tag="608" ind1=" " ind2=" "><subfield code="a">Romance</subfield></datafield><datafield tag="675" ind1=" " ind2=" "><subfield code="a">821</subfield></datafield><datafield tag="700" ind1=" " ind2="1"><subfield code="a">Mansfield</subfield><subfield code="b">Katherine</subfield><subfield code="f">1888-1923</subfield></datafield><datafield tag="702" ind1=" " ind2="1"><subfield code="a">Vilhena</subfield><subfield code="b">Graça</subfield><subfield code="4">730</subfield></datafield><datafield tag="702" ind1=" " ind2="1"><subfield code="a">Vale</subfield><subfield code="b">Francisco</subfield><subfield code="4">730</subfield></datafield><datafield tag="801" ind1=" " ind2="0"><subfield code="a">PT</subfield><subfield code="b">Biblioteca Municipal de Montalegre</subfield><subfield code="g">RPC</subfield></datafield><datafield tag="856" ind1=" " ind2=" "><subfield code="u">locateMedia.asp?cod=20060705100212&amp;ext=jpg</subfield><subfield code="z">CAPA</subfield></datafield><datafield tag="909" ind1="&#9;" ind2=" "><subfield code="a">1</subfield></datafield><datafield tag="966" ind1=" " ind2=" "><subfield code="a">0009119</subfield><subfield code="l">BMM</subfield><subfield code="s">SCG 821 MAN via</subfield></datafield></record></collection>